@techreport{becker1964human,
  title={Human Capital: A Theoretical and Empirical Analysis with Special Reference to Education},
  author={Becker, Gary},
  year={1964},
  institution={National Bureau of Economic Research, Inc}
}

@article{mincer1974schooling,
  title={Schooling, Experience, and Earnings. Human Behavior \& Social Institutions No. 2.},
  author={Mincer, Jacob},
  year={1974},
  publisher={ERIC}
}


@article{card1999causal,
  title={The Causal Effect of Education on Earnings},
  author={Card, D},
  journal={Handbook of labor economics/Elsevier},
  year={1999}
}

@article{card2001estimating,
  title={Estimating the return to schooling: Progress on some persistent econometric problems},
  author={Card, David},
  journal={Econometrica},
  volume={69},
  number={5},
  pages={1127--1160},
  year={2001},
  publisher={Wiley Online Library}
}



@article{willis1979education,
  title={Education and self-selection},
  author={Willis, Robert J and Rosen, Sherwin},
  journal={Journal of political Economy},
  volume={87},
  number={5, Part 2},
  pages={S7--S36},
  year={1979},
  publisher={The University of Chicago Press}
}



@article{keane1997career,
  title={The career decisions of young men},
  author={Keane, Michael P and Wolpin, Kenneth I},
  journal={Journal of political Economy},
  volume={105},
  number={3},
  pages={473--522},
  year={1997},
  publisher={The University of Chicago Press}
}

@article{rust1987optimal,
  title={Optimal replacement of GMC bus engines: An empirical model of Harold Zurcher},
  author={Rust, John},
  journal={Econometrica: Journal of the Econometric Society},
  pages={999--1033},
  year={1987},
  publisher={JSTOR}
}

@article{belzil1997estimating,
  title={Estimating the returns to education from a non-stationary dynamic programming model},
  author={Belzil, Christian and Hansen, J{\"o}rgen},
  year={1997}
}

@article{angrist1991does,
  title={Does compulsory school attendance affect schooling and earnings?},
  author={Angrist, Joshua D and Krueger, Alan B},
  journal={The quarterly journal of economics},
  volume={106},
  number={4},
  pages={979--1014},
  year={1991},
  publisher={MIT Press}
}

@misc{angrist1992estimating,
  title={Estimating the payoff to schooling using the Vietnam-era draft lottery},
  author={Angrist, Joshua and Krueger, Alan B},
  year={1992},
  publisher={National bureau of economic research Cambridge, Mass., USA}
}

@misc{card1993using,
  title={Using geographic variation in college proximity to estimate the return to schooling},
  author={Card, David},
  year={1993},
  publisher={National Bureau of Economic Research Cambridge, Mass., USA}
}


@article{Hsu2021HigherEd,
  title        = {Higher Education Expansion Policy in Taiwan: Effects on the Wages of University Graduates and the Overeducated},
  author       = {Hsu, Mei},
  journal      = {Taiwan Economic Forecast \& Policy},
  volume       = {51},
  number       = {2},
  year         = {2021}
}
@mastersthesis{Li2009ReturnsEducationTaiwan,
  title        = {The Returns to Education in Taiwan: With Consideration of the Impact of Higher Education Expansion},
  author       = {Li, Jingxun},
  school       = {National Tsing Hua University, Department of Economics},
  pages        = {1--61},
  year         = {2009},
  type         = {Master's Thesis}
}


@article{ChuangLai2011CohortEducation,
  title        = {A Cohort Analysis of Returns to Education with Heterogeneous Ability: The Case of Taiwan},
  author       = {Chuang, Yih-Chyi and Lai, Wei-Wen},
  journal      = {Taiwan Economic Review},
  volume       = {39},
  number       = {1},
  pages        = {81--113},
  year         = {2011},
  publisher    = {Department of Economics, National Taiwan University}
}